Bibliography 
@misc{bundeszentrale_für_politische_bildung_2020,
  title   = {Einkommensverteilung},
  url     = {https://www.bpb.de/kurz-knapp/zahlen-und-fakten/soziale-situation-in-deutschland/61769/einkommensverteilung/},
  journal = {bpb.de},
  author  = {Bundeszentrale für politische Bildung},
  year    = {2020},
  month   = {Oct}
} 

@misc{eurostat_2024,
  title     = {Distribution of income by quantiles - EU-SILC and ECHP surveys},
  url       = {https://ec.europa.eu/eurostat/databrowser/view/ilc_di01__custom_10156593/default/table?lang=en},
  journal   = {Europa.eu},
  publisher = {eurostat},
  author    = {eurostat},
  year      = {2024},
  month     = {Feb}
} 

@misc{gebauer_martens_2020,
  title     = {Einkommen und Vermögen – wachsende Ungleichheiten},
  url       = {https://www.bpb.de/themen/deutsche-einheit/lange-wege-der-deutschen-einheit/47436/einkommen-und-vermoegen-wachsende-ungleichheiten/#node-content-title-5},
  journal   = {bpb.de},
  publisher = {Bundeszentrale für politische Bildung},
  author    = {Gebauer, Ronald and Martens, Bernd},
  year      = {2020},
  month     = {Aug}
} 

@misc{wsi_2024,
  title   = {Gini-Koeffizient},
  url     = {https://www.wsi.de/de/verteilungsbericht-2022-30037-gini-koeffizient-30069.htm},
  journal = {Www.wsi.de},
  author  = {WSI},
  year    = {2024}
}

 @article{grabka_goebel_2020,
  title     = {DIW Berlin: Realeinkommen steigen, Quote der Niedrigeinkommen sinkt in einzelnen Altersgruppen},
  volume    = {2020},
  url       = {https://www.diw.de/sixcms/detail.php?id=diw_01.c.785859.de},
  doi       = {https://doi.org/10.18723/diw_wb:2020-18-1},
  number    = {18},
  journal   = {DIW Wochenbericht},
  publisher = {DIW Berlin},
  author    = {Grabka, Markus and Goebel, Jan},
  year      = {2020},
  pages     = {S. 315-323}
}

 @article{kohlrausch_zucco_hövermann_2020,
  title   = {Die Einkommensungleichheit wird durch die Corona-Krise noch weiter verstärkt},
  volume  = {62},
  url     = {https://www.boeckler.de/pdf/p_wsi_report_62_2020.pdf},
  journal = {Verteilungsbericht 2020},
  author  = {Kohlrausch, Bettina and Zucco, Aline and Hövermann, Andreas},
  year    = {2020},
  month   = {Nov}
}